
@article{lockhart_smaller_2019,
	title = {Smaller communities are “seceding” from larger school districts. It’s accelerating school segregation.},
	url = {https://www.vox.com/platform/amp/2019/9/6/20853091/school-secession-racial-segregation-louisiana-alabama},
	abstract = {A new study finds that an increase in “splinter” school districts are leaving poor and nonwhite students behind.},
	journaltitle = {Vox Media},
	author = {Lockhart, P.R.},
	date = {2019-09-06}
}

@article{chang_data_2018,
	title = {The data proves that school segregation is getting worse},
	url = {https://www.vox.com/2018/3/5/17080218/school-segregation-getting-worse-data},
	abstract = {This is ultimately a disagreement over how we talk about school segregation.},
	journaltitle = {Vox Media},
	author = {Chang, Alvin},
	date = {2018-03-05}
}

@article{vincent_city_2019,
	title = {City of St. George incorporates},
	url = {https://www.wafb.com/2019/10/13/city-st-george-incoporates/},
	journaltitle = {{WAFB}},
	author = {Vincent, Mykal and Foster, Kevin},
	date = {2019-10-12}
}

@article{lussier_baton_2019,
	title = {Baton Rouge area has 4 of the top 10 public school districts in Louisiana},
	url = {https://www.theadvocate.com/baton_rouge/news/education/article_754eed00-009e-11ea-83b1-771344e9c27d.html#tncms-source=infinity-scroll-summary-sticky-siderail-latest},
	journaltitle = {The Advocate},
	author = {Lussier, Charles},
	date = {2019-11-06}
}

@article{lussier_second_2019,
	title = {In second round of St. George fight, schools downplayed but nevertheless a driving force},
	url = {https://www.theadvocate.com/baton_rouge/news/education/article_36570154-5163-11e9-8526-4bad11495733.html},
	journaltitle = {The Advocate},
	author = {Lussier, Charles},
	date = {2019-03-30}
}

@article{lussier_st_2019,
	title = {A St. George school district could start off with ample funding, but costs will grow if popular},
	url = {https://www.theadvocate.com/baton_rouge/news/education/article_c16b3896-dbab-11e9-9798-5f6d6b869334.html},
	journaltitle = {The Advocate},
	author = {Lussier, Charles},
	date = {2019-09-22}
}

@report{noauthor_2018_2018,
	title = {2018 School Performance Scores and Letter Grades},
	url = {https://www.louisianabelieves.com/resources/library/performance-scores},
	institution = {Louisiana Department of Education},
	date = {2018-12-10}
}

@report{noauthor_2018_2018-1,
	title = {2018 District Performance Scores and Letter Grades},
	url = {https://www.louisianabelieves.com/resources/library/performance-scores},
	institution = {Louisiana Department of Education},
	date = {2018-12-10}
}

@report{national_center_for_education_statistics_pss_2018,
	title = {{PSS} Private School Universe Survey data for the 2017-2018 school year},
	url = {https://nces.ed.gov/surveys/pss/privateschoolsearch/school_list.asp?Search=1&County=East%20Baton%20Rouge&State=22},
	institution = {U.S. Department of Education},
	author = {{National Center for Education Statistics}},
	date = {2018}
}

@online{city_of_baton_rouge_census_2020,
	title = {Census Block Group},
	url = {https://data-ebrgis.opendata.arcgis.com/datasets/census-block-group},
	titleaddon = {{EBRGIS} Open Data},
	author = {{City of Baton Rouge} and {Parish of East Baton Rouge}},
	date = {2020-12}
}

@online{city_of_baton_rouge_school_2020,
	title = {School},
	url = {https://data-ebrgis.opendata.arcgis.com/datasets/school},
	titleaddon = {{EBRGIS} Open Data},
	author = {{City of Baton Rouge} and {Parish of East Baton Rouge}},
	date = {2020-12}
}

@online{noauthor_map_nodate,
	title = {The Map},
	url = {http://stgeorgelouisiana.com/map/},
	titleaddon = {The City of St. George, Louisiana}
}

@online{city_of_baton_rouge_parish_2020,
	title = {Parish Boundary},
	url = {https://data-ebrgis.opendata.arcgis.com/datasets/parish-boundary},
	titleaddon = {{EBRGIS} Open Data},
	author = {{City of Baton Rouge} and {Parish of East Baton Rouge}},
	date = {2020-09-24}
}